
@article{aydinonat:2007,
	Author = {Aydınonat, N. Emrah},
	Title = {İktisat Öğrencileri için Ödev Yazma Kılavuzu},
	url = {http://iktisat.cu.edu.tr/tr/Belgeler/Formlar/Bitirme%20Projesi%20Ödev%20Hazırlama%20Rehberi/N.%20Emrah%20AYDINONAT%20(2006)%20Ödev%20Rehberi.pdf},
	Year = {2007}}


@article{yilmaz2020kirilgan,
  title={KIRILGAN BE{\c{S}}L{\.I} EKONOM{\.I}LER{\.I} {\.I}{\c{C}}{\.I}N YAKINSAMA H{\.I}POTEZ{\.I}N{\.I}N GE{\c{C}}ERL{\.I}L{\.I}{\u{G}}{\.I}},
  author={YILMAZ, Murat and KESB{\.I}{\c{C}}, C{\"u}neyt Yenal},
  journal={Elektronik Sosyal Bilimler Dergisi},
  volume={19},
  number={75},
  pages={1275--1293},
  year={2020}
}

@article{saribacs2016ana,
  title={Ana ak{\i}m b{\"u}y{\"u}me modeli ve yak{\i}nsama hipotezlerinin analizi: panel veri yakla{\c{s}}{\i}m{\i}},
  author={Sariba{\c{s}}, Hakan},
  journal={Sosyoekonomi},
  volume={24},
  number={30},
  pages={169--186},
  year={2016}
}

@article{lichtenberg1994testing,
  title={Testing the convergence hypothesis},
  author={Lichtenberg, Frank R},
  journal={The Review of Economics and Statistics},
  pages={576--579},
  year={1994},
  publisher={JSTOR}
}

@article{rassekh1998convergence,
  title={The convergence hypothesis: History, theory, and evidence},
  author={Rassekh, Farhad},
  journal={Open economies review},
  volume={9},
  pages={85--105},
  year={1998},
  publisher={Springer}
}

